<?xml version="1.0" encoding="UTF-8"?><collection xmlns="http://www.loc.gov/MARC21/slim"><record><leader>00488nam--2200181-i-4500</leader><controlfield tag="001">000008678</controlfield><controlfield tag="002">20161230</controlfield><controlfield tag="005">20161230201027</controlfield><controlfield tag="008">060222s1000------------r-----000-0-rus-d</controlfield><datafield ind1=" " ind2=" " tag="040"><subfield code="a">IFIN-HH</subfield></datafield><datafield ind1=" " ind2=" " tag="041"><subfield code="a">rus</subfield></datafield><datafield ind1=" " ind2=" " tag="080"><subfield code="a">533.9</subfield></datafield><datafield ind1="1" ind2=" " tag="100"><subfield code="a">Artimovici, L.A</subfield></datafield><datafield ind1="1" ind2="0" tag="245"><subfield code="a">Zamknutie plazmennie konfiguratii</subfield><subfield code="c">L.A. Artimovici</subfield></datafield><datafield ind1=" " ind2=" " tag="260"><subfield code="a">Moskva</subfield><subfield code="b">Fiziko-Matematiceskoi Literaturi</subfield><subfield code="c">1969</subfield></datafield><datafield ind1=" " ind2=" " tag="490"><subfield code="a">Sovremennie problemi fiziki</subfield></datafield><datafield ind1=" " ind2=" " tag="852"><subfield code="a">31905</subfield><subfield code="c">533.9</subfield></datafield><datafield ind1=" " ind2=" " tag="CAT"><subfield code="a">Sys</subfield><subfield code="c">20100923</subfield><subfield code="h">124719</subfield></datafield></record></collection>